<?xml version="1.0" encoding="UTF-8"?><collection xmlns="http://www.loc.gov/MARC21/slim"><record><leader>00366nam--2200133-i-4500</leader><controlfield tag="001">000032513</controlfield><controlfield tag="002">20161230</controlfield><controlfield tag="005">20161230201039</controlfield><controlfield tag="008">060222s1000------------r-----000-0-eng-d</controlfield><datafield ind1=" " ind2=" " tag="080"><subfield code="a">620.191:538.971</subfield></datafield><datafield ind1=" " ind2=" " tag="245"><subfield code="a">Surface contamination. genesis, detection and control</subfield></datafield><datafield ind1=" " ind2=" " tag="260"><subfield code="a">New York, Plenum Press, 1979, Xvi + 523p. + Xxx</subfield></datafield><datafield ind1=" " ind2=" " tag="700"><subfield code="a">Mittal, K. L</subfield></datafield><datafield ind1=" " ind2=" " tag="852"><subfield code="a">48934</subfield></datafield></record></collection>